@article{greenwade93,
    author  = "George D. Greenwade",
    title   = "The {C}omprehensive {T}ex {A}rchive {N}etwork ({CTAN})",
    year    = "1993",
    journal = "TUGBoat",
    volume  = "14",
    number  = "3",
    pages   = "342--351"
}

@article{Lengen2021-xe,
  title    = "Soziale Isolation im Homeoffice im Kontext der
              {COVID-19-Pandemie}",
  author   = "Lengen, Julia Christine and Kordsmeyer, Ann-Christin and Rohwer,
              Elisabeth and Harth, Volker and Mache, Stefanie",
  abstract = "In der von Kontaktbeschr{\"a}nkungen gepr{\"a}gten Hochphase der
              COVID-19-Pandemie erm{\"o}glichen viele Unternehmen ihren
              Besch{\"a}ftigten aus Gr{\"u}nden des Infektionsschutzes das
              Arbeiten aus dem Homeoffice.",
  journal  = "Zentralblatt f{\"u}r Arbeitsmedizin, Arbeitsschutz und Ergonomie",
  volume   =  71,
  number   =  2,
  pages    = "63--68",
  month    =  mar,
  year     =  2021
}

@article{Cabral2016,
  doi = {10.1504/ijkbd.2016.080869},
  url = {https://doi.org/10.1504/ijkbd.2016.080869},
  year = {2016},
  publisher = {Inderscience Publishers},
  volume = {7},
  number = {4},
  pages = {357},
  author = {Victor Cabral and Willem Van Winden},
  title = {Coworking: an analysis of coworking strategies for interaction and innovation},
  journal = {International Journal of Knowledge-Based Development}
} 
